<record><leader>00000cas a2200000 a 4500</leader><controlfield tag="001">7935714</controlfield><controlfield tag="008">811118d198u198uwauwr ne      0   a0eng d</controlfield><datafield ind1=" " ind2=" " tag="010"><subfield code="a">sn 81002285 </subfield></datafield><datafield ind1=" " ind2=" " tag="040"><subfield code="a">NSD</subfield><subfield code="b">eng</subfield><subfield code="c">NSD</subfield><subfield code="d">OCL</subfield><subfield code="d">OCLCQ</subfield></datafield><datafield ind1=" " ind2=" " tag="012"><subfield code="m">d</subfield></datafield><datafield ind1="1" ind2=" " tag="022"><subfield code="a">0279-5205</subfield><subfield code="l">0279-5205</subfield><subfield code="2">1</subfield></datafield><datafield ind1=" " ind2=" " tag="032"><subfield code="a">576270</subfield><subfield code="b">USPS</subfield></datafield><datafield ind1=" " ind2=" " tag="037"><subfield code="b">Post Publications, 425 N.E. 4th Ave., Camas, WA 98607</subfield></datafield><datafield ind1=" " ind2=" " tag="042"><subfield code="a">nsdp</subfield></datafield><datafield ind1=" " ind2="4" tag="222"><subfield code="a">The Evergreen post</subfield></datafield><datafield ind1="0" ind2="4" tag="245"><subfield code="a">The Evergreen post.</subfield></datafield><datafield ind1=" " ind2=" " tag="260"><subfield code="a">[Camas, WA :</subfield><subfield code="b">Post Publications]</subfield></datafield><datafield ind1=" " ind2=" " tag="310"><subfield code="a">Weekly</subfield></datafield><datafield ind1=" " ind2=" " tag="588"><subfield code="a">Description based on: Vol. 11, no. 43 (Oct. 28, 1981); title from caption.</subfield></datafield><datafield ind1="0" ind2="0" tag="780"><subfield code="t">Community post</subfield><subfield code="x">0279-5493</subfield></datafield><datafield ind1="0" ind2="0" tag="785"><subfield code="t">Evergreen post eagle</subfield><subfield code="x">0746-0791</subfield></datafield><datafield ind1=" " ind2=" " tag="936"><subfield code="a">Oct. 28, 1981</subfield></datafield></record>